@misc{youtube,
  title = "{a}",
  howpublished = "\url{a}"
}

@misc{browser-pdf-viewer-pdf-page-num-function,
  title = "{a}",
  howpublished = "\url{a}"
}

@misc{app-extension,
  title = "{a}",
  howpublished = "\url{https://developer.apple.com/jp/app-extensions/}"
}

@misc{didFinish,
  title = "{a}",
  howpublished = "\url{https://developer.apple.com/documentation/webkit/wknavigationdelegate/1455629-webview}"
}